<record><leader>00000cas a22000007a 4500</leader><controlfield tag="001">80019668</controlfield><controlfield tag="008">070125c20069999scudn ne     s0   a0eng d</controlfield><datafield ind1=" " ind2=" " tag="010"><subfield code="a">  2012218661</subfield></datafield><datafield ind1=" " ind2=" " tag="040"><subfield code="a">SUC</subfield><subfield code="b">eng</subfield><subfield code="c">SUC</subfield><subfield code="d">SUC</subfield><subfield code="d">OCLCQ</subfield><subfield code="d">SUC</subfield><subfield code="d">DLC</subfield><subfield code="d">OCLCF</subfield></datafield><datafield ind1=" " ind2=" " tag="012"><subfield code="l">a</subfield></datafield><datafield ind1="0" ind2=" " tag="022"><subfield code="a">2167-8057</subfield><subfield code="2">1</subfield></datafield><datafield ind1=" " ind2=" " tag="042"><subfield code="a">msc</subfield><subfield code="a">nsdp</subfield></datafield><datafield ind1=" " ind2=" " tag="043"><subfield code="a">n-us-sc</subfield></datafield><datafield ind1="1" ind2="0" tag="050"><subfield code="a">ISSN RECORD</subfield></datafield><datafield ind1="1" ind2="0" tag="082"><subfield code="a">071</subfield><subfield code="2">14</subfield></datafield><datafield ind1=" " ind2="4" tag="222"><subfield code="a">The daily gamecock</subfield></datafield><datafield ind1="0" ind2="4" tag="245"><subfield code="a">The daily gamecock.</subfield></datafield><datafield ind1=" " ind2=" " tag="260"><subfield code="a">Columbia, S.C. :</subfield><subfield code="b">University of South Carolina,</subfield><subfield code="c">2006-</subfield></datafield><datafield ind1=" " ind2=" " tag="300"><subfield code="a">v. :</subfield><subfield code="b">ill. ;</subfield><subfield code="c">56 cm.</subfield></datafield><datafield ind1=" " ind2=" " tag="310"><subfield code="a">Daily during fall and spring semesters; nine times during the summer.</subfield></datafield><datafield ind1="1" ind2=" " tag="362"><subfield code="a">Began with vol. 100, no. 11 (Aug. 24, 2006).</subfield></datafield><datafield ind1=" " ind2=" " tag="530"><subfield code="a">Also issued via the Internet.</subfield></datafield><datafield ind1=" " ind2=" " tag="588"><subfield code="a">Description based on: Vol. 100, no. 11 (Aug. 24, 2006).</subfield></datafield><datafield ind1=" " ind2="0" tag="651"><subfield code="a">Columbia (S.C.)</subfield><subfield code="v">Newspapers.</subfield></datafield><datafield ind1=" " ind2="0" tag="651"><subfield code="a">Richland County (S.C.)</subfield><subfield code="v">Newspapers.</subfield></datafield><datafield ind1=" " ind2="7" tag="655"><subfield code="a">Newspapers.</subfield><subfield code="2">fast</subfield><subfield code="0">(OCoLC)fst01423814</subfield></datafield><datafield ind1=" " ind2="7" tag="651"><subfield code="a">South Carolina</subfield><subfield code="z">Columbia.</subfield><subfield code="2">fast</subfield><subfield code="0">(OCoLC)fst01206785</subfield></datafield><datafield ind1=" " ind2="7" tag="651"><subfield code="a">South Carolina</subfield><subfield code="z">Richland County.</subfield><subfield code="2">fast</subfield><subfield code="0">(OCoLC)fst01206357</subfield></datafield><datafield ind1="2" ind2=" " tag="710"><subfield code="a">University of South Carolina.</subfield></datafield><datafield ind1=" " ind2=" " tag="752"><subfield code="a">United States</subfield><subfield code="b">South Carolina</subfield><subfield code="c">Richland</subfield><subfield code="d">Columbia.</subfield></datafield><datafield ind1="0" ind2="0" tag="780"><subfield code="t">Gamecock (Columbia, S.C.)</subfield><subfield code="x">2167-8049</subfield><subfield code="w">(DLC)  2012218660</subfield><subfield code="w">(OCoLC)31251110</subfield></datafield><datafield ind1="4" ind2="1" tag="856"><subfield code="u">http://www.dailygamecock.com</subfield></datafield></record>